<record><leader>00000cas a22000007a 4500</leader><controlfield tag="001">9526816</controlfield><controlfield tag="008">830519c18669999ohuwr ne      0    0eng d</controlfield><datafield ind1=" " ind2=" " tag="010"><subfield code="a">sn 83035189 </subfield></datafield><datafield ind1=" " ind2=" " tag="040"><subfield code="a">NPY</subfield><subfield code="b">eng</subfield><subfield code="c">NPY</subfield><subfield code="d">NPU</subfield><subfield code="d">ONP</subfield><subfield code="d">OCLCQ</subfield></datafield><datafield ind1=" " ind2=" " tag="042"><subfield code="a">msc</subfield></datafield><datafield ind1="0" ind2=" " tag="130"><subfield code="a">People's defender (West Union, Ohio : 1866)</subfield></datafield><datafield ind1="1" ind2="4" tag="245"><subfield code="a">The People's defender.</subfield></datafield><datafield ind1="3" ind2="0" tag="246"><subfield code="a">Semi-weekly defender</subfield></datafield><datafield ind1=" " ind2=" " tag="260"><subfield code="a">West Union, Adams County, Ohio :</subfield><subfield code="b">Jos. W. Eylar</subfield></datafield><datafield ind1=" " ind2=" " tag="300"><subfield code="a">v.</subfield></datafield><datafield ind1=" " ind2=" " tag="310"><subfield code="a">Weekly,</subfield><subfield code="b">Nov. 10, 1898-</subfield></datafield><datafield ind1=" " ind2=" " tag="321"><subfield code="a">Weekly,</subfield><subfield code="b">Jan. 16, 1866-Apr. 21, 1898</subfield></datafield><datafield ind1=" " ind2=" " tag="321"><subfield code="a">Semiweekly,</subfield><subfield code="b">Apr. 26-Nov. 4, 1898</subfield></datafield><datafield ind1="1" ind2=" " tag="362"><subfield code="a">Began with Jan. 16, 1866 issue.</subfield></datafield><datafield ind1=" " ind2=" " tag="500"><subfield code="a">Radical Democratic.</subfield></datafield><datafield ind1=" " ind2=" " tag="500"><subfield code="a">Printed with title: Semi-weekly defender, Apr. 26-Nov. 4, 1898.</subfield></datafield><datafield ind1=" " ind2=" " tag="588"><subfield code="a">Description based on: Vol. 1, no. 7 (Mar. 2, 1866).</subfield></datafield><datafield ind1=" " ind2="4" tag="651"><subfield code="a">West Union (Ohio)</subfield><subfield code="v">Newspapers.</subfield></datafield><datafield ind1=" " ind2="4" tag="651"><subfield code="a">Adams County (Ohio)</subfield><subfield code="v">Newspapers.</subfield></datafield><datafield ind1=" " ind2=" " tag="752"><subfield code="a">United States</subfield><subfield code="b">Ohio</subfield><subfield code="c">Adams</subfield><subfield code="d">West Union.</subfield></datafield><datafield ind1="1" ind2=" " tag="029"><subfield code="a">AU@</subfield><subfield code="b">000025839756</subfield></datafield></record>